<?xml version="1.0" encoding="UTF-8"?><collection xmlns="http://www.loc.gov/MARC21/slim"><record><leader>00331nam--2200133-i-4500</leader><controlfield tag="001">000033130</controlfield><controlfield tag="002">20161230</controlfield><controlfield tag="005">20161230201039</controlfield><controlfield tag="008">060222s1000------------r-----000-0-eng-d</controlfield><datafield ind1=" " ind2=" " tag="100"><subfield code="a">Moga, A</subfield></datafield><datafield ind1=" " ind2=" " tag="245"><subfield code="a">Instrumente si aparate de masurare</subfield></datafield><datafield ind1=" " ind2=" " tag="260"><subfield code="a">Bucuresti, Ed.Tehnica, 1962, 181p</subfield></datafield><datafield ind1=" " ind2=" " tag="490"><subfield code="a">Colectia De Atelier</subfield></datafield><datafield ind1=" " ind2=" " tag="852"><subfield code="a">8456</subfield></datafield></record></collection>